<?xml version="1.0" encoding="utf-8"?>
<record xmlns="http://www.loc.gov/MARC21/slim" xmlns:xsi="http://www.w3.org/2001/XMLSchema-instance" xsi:schemaLocation="http://www.loc.gov/MARC21/slim http://www.loc.gov/standards/marcxml/schema/MARC21slim.xsd">
	<leader>
		02431nam a2200397   4500
	</leader>
	<controlfield tag="001">
		001629821
	</controlfield>
	<controlfield tag="003">
		NNU
	</controlfield>
	<controlfield tag="006">
		m        d        
	</controlfield>
	<controlfield tag="007">
		cr cn |||m|||a
	</controlfield>
	<controlfield tag="008">
		160113s1949    ua fh   ob    001 0 arard
	</controlfield>
	<datafield ind1=" " ind2=" " tag="040">
		<subfield code="a">
			NNU
		</subfield>
		<subfield code="b">
			eng
		</subfield>
		<subfield code="c">
			NNU
		</subfield>
	</datafield>
	<datafield ind1=" " ind2=" " tag="043">
		<subfield code="a">
			a-ye---
		</subfield>
	</datafield>
	<datafield ind1="0" ind2="0" tag="050">
		<subfield code="a">
			CS1128.Y4
		</subfield>
		<subfield code="b">
			H3
		</subfield>
	</datafield>
	<datafield ind1=" " ind2=" " tag="066">
		<subfield code="c">
			(3
		</subfield>
	</datafield>
	<datafield ind1=" " ind2=" " tag="090">
		<subfield code="a">
			CS1128.Y4
		</subfield>
		<subfield code="b">
			H3
		</subfield>
	</datafield>
	<datafield ind1="1" ind2=" " tag="100">
		<subfield code="6">
			880-01
		</subfield>
		<subfield code="a">
			Hamdānī, al-Ḥasan ibn Aḥmad,
		</subfield>
		<subfield code="d">
			d. 945.
		</subfield>
	</datafield>
	<datafield ind1="1" ind2="0" tag="240">
		<subfield code="6">
			880-02
		</subfield>
		<subfield code="a">
			Iklīl.
		</subfield>
		<subfield code="n">
			Juzʼ 10
		</subfield>
	</datafield>
	<datafield ind1="1" ind2="3" tag="245">
		<subfield code="6">
			880-03
		</subfield>
		<subfield code="a">
			al-Iklīl min akhbār al-Yaman wa-ansāb Ḥimyar.
		</subfield>
		<subfield code="n">
			al-Kitāb al-ʻāshir
		</subfield>
		<subfield code="h">
			[electronic resource] :
		</subfield>
		<subfield code="b">
			fī maʻārif Hamdān wa-ansābihā wa-ʻuyūn akhbārihā /
		</subfield>
		<subfield code="c">
			taṣnīf Lisān al-Yaman Abī Muḥammad al-Ḥasan ibn Aḥmad ibn Yaʻqūb al-Hamdanī ; ḥaqqaqahu wa-ʻallaqa ḥawāshiyahu wa-waqafa ʻalá ṭabʻihi Muḥibb al-Dīn al-Khaṭīb.
		</subfield>
	</datafield>
	<datafield ind1=" " ind2=" " tag="260">
		<subfield code="6">
			880-04
		</subfield>
		<subfield code="a">
			al-Qāhirah :
		</subfield>
		<subfield code="b">
			al-Maṭbaʻah al-Salafīyah wa-Maktabatuhā,
		</subfield>
		<subfield code="c">
			1368 [1949]
		</subfield>
	</datafield>
	<datafield ind1=" " ind2=" " tag="300">
		<subfield code="a">
			online resource (20, 376 p., [1] leaf of plates) :
		</subfield>
		<subfield code="b">
			facsim.
		</subfield>
	</datafield>
	<datafield ind1=" " ind2=" " tag="500">
		<subfield code="a">
			Part of the Arabic Collections Online (ACO) project, contributed by New York Univeristy Libraries.
		</subfield>
	</datafield>
	<datafield ind1=" " ind2=" " tag="504">
		<subfield code="a">
			Includes bibliographical references and indexes.
		</subfield>
	</datafield>
	<datafield ind1=" " ind2=" " tag="533">
		<subfield code="a">
			Electronic reproduction.
		</subfield>
		<subfield code="b">
			New York, N.Y. :
		</subfield>
		<subfield code="c">
			New York University,
		</subfield>
		<subfield code="d">
			2016.
		</subfield>
		<subfield code="5">
			NNU
		</subfield>
	</datafield>
	<datafield ind1=" " ind2="0" tag="651">
		<subfield code="a">
			Yemen (Republic)
		</subfield>
		<subfield code="v">
			Genealogy
		</subfield>
		<subfield code="v">
			Early works to 1800.
		</subfield>
	</datafield>
	<datafield ind1="1" ind2=" " tag="700">
		<subfield code="6">
			880-05
		</subfield>
		<subfield code="a">
			Khaṭīb, Muḥibb al-Dīn.
		</subfield>
	</datafield>
	<datafield ind1="2" ind2=" " tag="710">
		<subfield code="a">
			New York University.
		</subfield>
		<subfield code="b">
			Libraries.
		</subfield>
	</datafield>
	<datafield ind1="0" ind2=" " tag="730">
		<subfield code="a">
			Arabic Collections Online.
		</subfield>
	</datafield>
	<datafield ind1="0" ind2="8" tag="776">
		<subfield code="i">
			Print version:
		</subfield>
		<subfield code="a">
			Hamdānī, al-Ḥasan ibn Aḥmad, d. 945.
		</subfield>
		<subfield code="t">
			al-Iklīl min akhbār al-Yaman wa-ansāb Ḥimyar
		</subfield>
		<subfield code="w">
			(NNU)001629821
		</subfield>
		<subfield code="w">
			(DLC)78242937 /NE
		</subfield>
	</datafield>
	<datafield ind1="4" ind2="0" tag="856">
		<subfield code="u">
			http://hdl.handle.net/2333.1/3xsj3xrz
		</subfield>
	</datafield>
	<datafield ind1="1" ind2=" " tag="880">
		<subfield code="6">
			100-01/
		</subfield>
		<subfield code="a">
			همداني، الحسن بن أحمد.
		</subfield>
	</datafield>
	<datafield ind1="1" ind2="0" tag="880">
		<subfield code="6">
			240-02/
		</subfield>
		<subfield code="a">
			اكليل.
		</subfield>
		<subfield code="n">
			جزء ١٠.
		</subfield>
	</datafield>
	<datafield ind1="1" ind2="2" tag="880">
		<subfield code="6">
			245-03/
		</subfield>
		<subfield code="a">
			الاكليا من أخبار اليمن وأنساب حمير.
		</subfield>
		<subfield code="n">
			الكتاب العشر ؛
		</subfield>
		<subfield code="b">
			في معارف همدان وأنسابها وعيون أخبرها /
		</subfield>
		<subfield code="c">
			تصنيف لسان اليمن أبي محمد الحسن بن أحمد بن يعقوب الهمداني ؛ خققه وعلف حواشية ووقف على طبعة محب الدين الخطيب.
		</subfield>
	</datafield>
	<datafield ind1=" " ind2=" " tag="880">
		<subfield code="6">
			260-04/
		</subfield>
		<subfield code="a">
			القاهرة :
		</subfield>
		<subfield code="b">
			المطبعة السلفية ومكتبتها،
		</subfield>
		<subfield code="c">
			١٩٦٨.
		</subfield>
	</datafield>
	<datafield ind1="1" ind2=" " tag="880">
		<subfield code="6">
			700-05/
		</subfield>
		<subfield code="a">
			خطيب، محب الدين.
		</subfield>
	</datafield>
	<datafield ind1=" " ind2=" " tag="959">
		<subfield code="a">
			NNU
		</subfield>
		<subfield code="b">
			WEB
		</subfield>
		<subfield code="c">
			GENI
		</subfield>
		<subfield code="t">
			0
		</subfield>
		<subfield code="m">
			Electronic access
		</subfield>
		<subfield code="s">
			01
		</subfield>
	</datafield>
	<datafield ind1=" " ind2=" " tag="999">
		<subfield code="i">
			NNU_001629821
		</subfield>
		<subfield code="s">
			nyu_aco001224
		</subfield>
	</datafield>
</record>
